@misc{web:constrained-regression,
    title = {Perform linear regression, but force solution to go through some particular data points},
    howpublished = {\url{https://stats.stackexchange.com/questions/50447/perform-linear-regression-but-force-solution-to-go-through-some-particular-data}},
    note = {Accessed: 2023-07-10}
}
